<?xml version="1.0" encoding="UTF-8"?><record xmlns="http://www.loc.gov/MARC21/slim" xmlns:cinclude="http://apache.org/cocoon/include/1.0" xmlns:zs="http://www.loc.gov/zing/srw/">
  <leader>00581nz  a2200145n  4500</leader>
  <controlfield tag="001">n 2015069748</controlfield>
  <controlfield tag="003">DLC</controlfield>
  <controlfield tag="005">20151202083713.0</controlfield>
  <controlfield tag="008">151202n| azannaabn          |n aaa      </controlfield>
  <datafield tag="010" ind1=" " ind2=" ">
    <subfield code="a">n 2015069748</subfield>
  </datafield>
  <datafield tag="040" ind1=" " ind2=" ">
    <subfield code="a">DLC</subfield>
    <subfield code="b">eng</subfield>
    <subfield code="c">DLC</subfield>
    <subfield code="e">rda</subfield>
  </datafield>
  <datafield tag="100" ind1="1" ind2=" ">
    <subfield code="a">Bullo, Kylie</subfield>
  </datafield>
  <datafield tag="375" ind1=" " ind2=" ">
    <subfield code="a">female</subfield>
  </datafield>
  <datafield tag="670" ind1=" " ind2=" ">
    <subfield code="a">Reaching for the Canopy, 2015:</subfield>
    <subfield code="b">t.p. (Kylie Bullo)</subfield>
  </datafield>
  <datafield tag="670" ind1=" " ind2=" ">
    <subfield code="a">The Orangutan Project website, 1 Dec. 2015</subfield>
    <subfield code="b">(Kylie Bullo was the keeper in charge of the world's only two zoo-born orangutans to be released into a protected area of Sumatran rainforest.)</subfield>
    <subfield code="u">http://www.orangutan.org.au/about/top-board</subfield>
  </datafield>
</record>